@MISC{informe_crowdfarming,
    title={Informe de impacto y sostenibilidad 2021},
    year={2022},
    publisher={CrowdFarming},
    author={CrowdFarming},
    url={https://common.crowdfarming.com/transparency/es/ES\%20-\%20Informe\%20de\%20Impacto\%20y\%20Transparencia.pdf},
    journal={CrowdFarming},
    Note={fecha de consulta: 10 de febrero de 2023}
}

@comment{jabref-meta: selector_publisher:}

@comment{jabref-meta: selector_author:}

@comment{jabref-meta: selector_journal:}

@comment{jabref-meta: selector_keywords:}

